<record><leader>00000cas a22000007a 4500</leader><controlfield tag="001">14249549</controlfield><controlfield tag="008">860922d18851885txuuu ne      0    0eng d</controlfield><datafield ind1=" " ind2=" " tag="010"><subfield code="a">sn 86089162 </subfield></datafield><datafield ind1=" " ind2=" " tag="040"><subfield code="a">PPM</subfield><subfield code="b">eng</subfield><subfield code="c">PPM</subfield><subfield code="d">NLG</subfield><subfield code="d">OCLCQ</subfield></datafield><datafield ind1=" " ind2=" " tag="042"><subfield code="a">msc</subfield></datafield><datafield ind1="0" ind2="0" tag="245"><subfield code="a">Glen Rose-bud.</subfield></datafield><datafield ind1=" " ind2=" " tag="260"><subfield code="a">Glen Rose, Tex. :</subfield><subfield code="b">Carey W. Styles</subfield></datafield><datafield ind1=" " ind2=" " tag="300"><subfield code="a">v. ;</subfield><subfield code="c">45 cm.</subfield></datafield><datafield ind1="1" ind2=" " tag="362"><subfield code="a">Began Jan. 1, 1885 and ran for 2 issues ending Jan. 10, 1885.</subfield></datafield><datafield ind1=" " ind2=" " tag="500"><subfield code="a">Rose-Bud was the prospectus paper for the Glen Rose Citizen.</subfield></datafield><datafield ind1=" " ind2=" " tag="752"><subfield code="a">United States</subfield><subfield code="b">Texas</subfield><subfield code="c">Somervell</subfield><subfield code="d">Glen Rose.</subfield></datafield><datafield ind1="0" ind2="0" tag="785"><subfield code="t">Glen Rose citizen</subfield><subfield code="w">(DLC)sn 86089209</subfield></datafield></record>